<?xml version="1.0" encoding="UTF-8"?><collection xmlns="http://www.loc.gov/MARC21/slim"><record><leader>00450nam--2200181-u-4500</leader><controlfield tag="001">000053633</controlfield><controlfield tag="002">20161230</controlfield><controlfield tag="005">20161230201051</controlfield><controlfield tag="008">110510s1000------------r-----000-0-rus-d</controlfield><datafield ind1=" " ind2=" " tag="040"><subfield code="a">IFIN-HH</subfield></datafield><datafield ind1=" " ind2=" " tag="041"><subfield code="a">rus</subfield></datafield><datafield ind1=" " ind2=" " tag="080"><subfield code="a">536.24</subfield></datafield><datafield ind1="1" ind2=" " tag="110"><subfield code="a">Academia Nauk SSSR</subfield></datafield><datafield ind1="1" ind2="0" tag="245"><subfield code="a">Teplo- i massoperenos: issledovania i razrabotki</subfield></datafield><datafield ind1=" " ind2=" " tag="260"><subfield code="a">Minsk</subfield><subfield code="b">Academia Nauk SSSR</subfield><subfield code="c">1981</subfield></datafield><datafield ind1=" " ind2=" " tag="300"><subfield code="a">121P</subfield></datafield><datafield ind1=" " ind2=" " tag="852"><subfield code="a">70081</subfield><subfield code="c">536</subfield></datafield><datafield ind1=" " ind2=" " tag="CAT"><subfield code="a">Sys</subfield><subfield code="c">20110510</subfield><subfield code="h">124305</subfield></datafield></record></collection>